@book{hate_speech,
   title = {hate speech},
   url = {https://www.lexico.com/definition/hate_speech},
   booktitle = {{Oxford University Press}},
   publisher = {Lexico.com},
   urldate = {2021-03-08},
   date = {2021}
}